@Article{hossain13,
author = {ABM Moniruzzaman and Syed A. Hossain},
title = {NoSQL Database: New Era of Databases for Big data Analytics- Classification, Characteristics and Comparison},
journal={Internation Journal of Database Theory and Application},
year = {2013},
number={4},
volume={6}
}

@TechReport{mcCreary14,
author = {Dan McCreary},
title = {Making Sense of NoSQL},
institution = {Midwest Architecture Community Collaboration},
year = {2014},
month = {11}
}
@Article{plos16,
author = {Sergio Freireand Douglas Teodoro and Fang Wei Kleiner and Erik Sundvall and Daniel Karlsson and Patrick Lambrix},
title = {Comparing the Performance of NoSQL Approaches for Managing Archetype-Based Electronic Health Record Data},
journal = {PLOS ONE},
year = {2016},
volume = {11},
number = {3},
month = {3},
}

@Article{chandra15,
author = {Deka Ganesh Chandra},
title = {Base Analysis of NoSQL Database
},
journal = {Elsevier},
year = {2015},
volume = {13},
number = {21},
month = {5},
}

@Article{leavitt10,
author = {Neal Leavitt},
title = {Will NoSQL Databases Live Up to Their Promise?},
journal = {IEEE},
year = {2010},
volume = {43},
number = {2},
pages={12-14},
month = {5},
}
@TechReport{couch16,
author={CouchBase},
title = {Why NoSQL?},
institution = {CouchBase},
year = {2013},
}
